<record><leader>00000cas a22000007a 4500</leader><controlfield tag="001">38873676</controlfield><controlfield tag="008">980331d1uuu1971cauwr ne      0    0eng d</controlfield><datafield ind1=" " ind2=" " tag="010"><subfield code="a">sn 98061017 </subfield></datafield><datafield ind1=" " ind2=" " tag="040"><subfield code="a">CNK</subfield><subfield code="b">eng</subfield><subfield code="c">CNK</subfield><subfield code="d">OCLCQ</subfield><subfield code="d">CUV</subfield><subfield code="d">OCLCQ</subfield><subfield code="d">OCLCF</subfield></datafield><datafield ind1="1" ind2=" " tag="029"><subfield code="a">AU@</subfield><subfield code="b">000013908125</subfield></datafield><datafield ind1=" " ind2=" " tag="042"><subfield code="a">msc</subfield></datafield><datafield ind1=" " ind2=" " tag="043"><subfield code="a">n-us-ca</subfield></datafield><datafield ind1="0" ind2=" " tag="130"><subfield code="a">Sierra sun (Truckee, Calif. : 1970)</subfield></datafield><datafield ind1="1" ind2="0" tag="245"><subfield code="a">Sierra sun.</subfield></datafield><datafield ind1=" " ind2=" " tag="260"><subfield code="a">Truckee, Nevada County, Calif. :</subfield><subfield code="b">[s.n.]</subfield></datafield><datafield ind1=" " ind2=" " tag="300"><subfield code="a">v.</subfield></datafield><datafield ind1=" " ind2=" " tag="310"><subfield code="a">Weekly</subfield></datafield><datafield ind1="0" ind2=" " tag="362"><subfield code="a">-102nd year, no. 12 (Mar. 24, 1971).</subfield></datafield><datafield ind1=" " ind2=" " tag="500"><subfield code="a">Includes separate section for news of smaller communities, i.e., Incline Village news.</subfield></datafield><datafield ind1=" " ind2=" " tag="588"><subfield code="a">Description based on: 101st year, no. 30 (Aug. 5, 1970).</subfield></datafield><datafield ind1=" " ind2="0" tag="651"><subfield code="a">Nevada County (Calif.)</subfield><subfield code="v">Newspapers.</subfield></datafield><datafield ind1=" " ind2="7" tag="655"><subfield code="a">Newspapers.</subfield><subfield code="2">fast</subfield><subfield code="0">(OCoLC)fst01423814</subfield></datafield><datafield ind1=" " ind2="7" tag="651"><subfield code="a">California</subfield><subfield code="z">Nevada County.</subfield><subfield code="2">fast</subfield><subfield code="0">(OCoLC)fst01206058</subfield></datafield><datafield ind1="0" ind2="2" tag="740"><subfield code="a">Incline Village news.</subfield></datafield><datafield ind1=" " ind2=" " tag="752"><subfield code="a">United States</subfield><subfield code="b">California</subfield><subfield code="c">Nevada</subfield><subfield code="d">Truckee.</subfield></datafield><datafield ind1="0" ind2="0" tag="785"><subfield code="t">Sierra sun-bonanza</subfield><subfield code="w">(DLC)sn 86076434</subfield></datafield></record>